<?xml version="1.0" encoding="UTF-8"?><collection xmlns="http://www.loc.gov/MARC21/slim"><record><leader>00544nam--2200205-u-4500</leader><controlfield tag="001">000054909</controlfield><controlfield tag="002">20161230</controlfield><controlfield tag="005">20161230201051</controlfield><controlfield tag="008">120703s1000------------r-----000-0-rus-d</controlfield><datafield ind1=" " ind2=" " tag="040"><subfield code="a">IFIN-HH</subfield></datafield><datafield ind1=" " ind2=" " tag="041"><subfield code="a">rus</subfield></datafield><datafield ind1=" " ind2=" " tag="080"><subfield code="a">539.184</subfield></datafield><datafield ind1="1" ind2=" " tag="100"><subfield code="a">Judd, B.R</subfield></datafield><datafield ind1="1" ind2="0" tag="245"><subfield code="a">Teoria slojnih atomnih spektrov</subfield><subfield code="c">B.r. judd, b.g. wybourne</subfield></datafield><datafield ind1=" " ind2=" " tag="260"><subfield code="a">Moskva</subfield><subfield code="b">Mir</subfield><subfield code="c">1973</subfield></datafield><datafield ind1=" " ind2=" " tag="300"><subfield code="a">296P</subfield></datafield><datafield ind1=" " ind2=" " tag="500"><subfield code="a">Titlul Original In Limba Engleza: Topics In Atomic Theory</subfield></datafield><datafield ind1="1" ind2=" " tag="700"><subfield code="a">Wybourne, B.G</subfield></datafield><datafield ind1=" " ind2=" " tag="852"><subfield code="a">41427</subfield><subfield code="c">539.18</subfield></datafield><datafield ind1=" " ind2=" " tag="CAT"><subfield code="a">Sys</subfield><subfield code="c">20120703</subfield><subfield code="h">123451</subfield></datafield></record></collection>